<?xml version="1.0" encoding="UTF-8"?><collection xmlns="http://www.loc.gov/MARC21/slim"><record><leader>00459nam--2200169-i-4500</leader><controlfield tag="001">000009181</controlfield><controlfield tag="002">20161230</controlfield><controlfield tag="005">20170121224134</controlfield><controlfield tag="008">060222s1000------------r-----000-0-eng-d</controlfield><datafield ind1=" " ind2=" " tag="080"><subfield code="a">547.25</subfield></datafield><datafield ind1=" " ind2=" " tag="100"><subfield code="a">Baht, G</subfield></datafield><datafield ind1=" " ind2=" " tag="245"><subfield code="a">Metallorganische verbindungen al,ga,in.,tl</subfield></datafield><datafield ind1=" " ind2=" " tag="260"><subfield code="a">Stuttgart</subfield><subfield code="b">Georg Thieme Verlag</subfield><subfield code="c">1970</subfield></datafield><datafield ind1=" " ind2=" " tag="300"><subfield code="a">XXVIII + 430 p</subfield></datafield><datafield ind1=" " ind2=" " tag="490"><subfield code="a">Houben-weyl.Methoden Der Organischen Chemie</subfield></datafield><datafield ind1=" " ind2=" " tag="852"><subfield code="a">14260</subfield></datafield><datafield ind1=" " ind2=" " tag="CAT"><subfield code="a">SYS</subfield><subfield code="c">20170121</subfield><subfield code="h">224134</subfield></datafield></record></collection>